@misc{bressanini-2018a,
  author = {Dario Bressanini},
  title = {{THE SCIENTIFIC LIMONCELLO (just in time for Christmas)}},
  howpublished = "\url{https://www.youtube.com/watch?v=W5C0Qyt44dU}",
  year = {2018}, 
  note = "[Online; accessed 28-June-2019]"
}